@article{wang2023bitnet,
  title={BitNet: Scaling 1-bit Transformers for Large Language Models},
  author={Wang, Hongyu and Ma, Shuming and Dong, Li and Huang, Shaohan and Wang, Huaijie and Ma, Lingxiao and Yang, Fan and Wang, Ruiping and Wu, Yi and Wei, Furu},
  journal={arXiv preprint arXiv:2310.11453},
  year={2023},
  doi={10.48550/arXiv.2310.11453},
  url={https://doi.org/10.48550/arXiv.2310.11453},
  note={Accessed: 2024-04-18}
}

@article{ma2024era,
  title={The Era of 1-bit LLMs: All Large Language Models are in 1.58 Bits},
  author={Ma, Shuming and Wang, Hongyu and Ma, Lingxiao and Wang, Lei and Wang, Wenhui and Huang, Shaohan and Dong, Li and Wang, Ruiping and Xue, Jilong and Wei, Furu},
  journal={arXiv preprint arXiv:2402.17764},
  year={2024},
  doi={10.48550/arXiv.2402.17764},
  url={https://doi.org/10.48550/arXiv.2402.17764},
  note={Accessed: 2024-04-18}
}

@misc{he2015deep,
      title={Deep Residual Learning for Image Recognition},
      author={Kaiming He and Xiangyu Zhang and Shaoqing Ren and Jian Sun},
      year={2015},
      eprint={1512.03385},
      archivePrefix={arXiv},
      primaryClass={cs.CV}
}

@misc{sandler2019mobilenetv2,
      title={MobileNetV2: Inverted Residuals and Linear Bottlenecks},
      author={Mark Sandler and Andrew Howard and Menglong Zhu and Andrey Zhmoginov and Liang-Chieh Chen},
      year={2019},
      eprint={1801.04381},
      archivePrefix={arXiv},
      primaryClass={cs.CV}
}

@inproceedings{lecun-gradientbased-learning-applied-1998,
  added-at = {2010-06-28T21:14:36.000+0200},
  author = {LeCun, Yann and Bottou, LÃ©on and Bengio, Yoshua and Haffner, Patrick},
  biburl = {https://www.bibsonomy.org/bibtex/29aa18bc67d862bdb83b6081e5506f050/mhwombat},
  booktitle = {Proceedings of the IEEE},
  citeseerurl = {http://citeseerx.ist.psu.edu/viewdoc/summary?doi=10.1.1.42.7665},
  file = {:neural_nets/lecun-98.pdf:PDF;:lecun-98.pdf:PDF},
  groups = {public},
  interhash = {7a82cccacd23cf06b25ff5325a6c86c7},
  intrahash = {9aa18bc67d862bdb83b6081e5506f050},
  keywords = {MSc character_recognition checked mnist network neural},
  pages = {2278--2324},
  timestamp = {2016-07-12T19:25:30.000+0200},
  title = {Gradient-Based Learning Applied to Document
                 Recognition},
  url = {http://citeseerx.ist.psu.edu/viewdoc/summary?doi=10.1.1.42.7665},
  username = {mhwombat},
  volume = 86,
  year = 1998
}

@article{deng2012mnist,
  title={The mnist database of handwritten digit images for machine learning research},
  author={Deng, Li},
  journal={IEEE Signal Processing Magazine},
  volume={29},
  number={6},
  pages={141--142},
  year={2012},
  publisher={IEEE}
}

@article{cifar10,
title= {CIFAR-10 (Canadian Institute for Advanced Research)},
journal= {},
author= {Alex Krizhevsky and Vinod Nair and Geoffrey Hinton},
year= {},
url= {http://www.cs.toronto.edu/~kriz/cifar.html},
keywords= {Dataset},
terms= {}
}

@article{cifar100,
title= {CIFAR-100 (Canadian Institute for Advanced Research)},
author= {Alex Krizhevsky and Vinod Nair and Geoffrey Hinton},
year= {},
url= {http://www.cs.toronto.edu/~kriz/cifar.html},
keywords= {Dataset},
terms= {}
}

@article{stl10,
title= {Stanford STL-10 Image Dataset},
journal= {},
author= {Adam Coates and Honglak Lee and Andrew Y. Ng},
year= {},
url= {https://cs.stanford.edu/~acoates/stl10/},
keywords= {},
terms= {}
}

@misc{helber2019eurosat,
      title={EuroSAT: A Novel Dataset and Deep Learning Benchmark for Land Use and Land Cover Classification},
      author={Patrick Helber and Benjamin Bischke and Andreas Dengel and Damian Borth},
      year={2019},
      eprint={1709.00029},
      archivePrefix={arXiv},
      primaryClass={cs.CV}
}

@misc{Agenda2023,
author = {United Nations, Department of Economic and Social Affairs - Sustainable Development},
title = {Transforming our world: the 2030 Agenda for Sustainable Development},
pages = {16301},
ISBN = {A/RES/70/1},
URL = {https://sdgs.un.org/2030agenda},
year = {2015},
type = {General Assembly}
}